<?xml version="1.0" encoding="UTF-8" ?><marc:collection xmlns:marc="http://www.loc.gov/MARC21/slim" xmlns:xsi="http://www.w3.org/2001/XMLSchema-instance" xsi:schemaLocation="http://www.loc.gov/MARC21/slim http://www.loc.gov/standards/marcxml/schema/MARC21slim.xsd">
<marc:record><marc:leader>02350cam a2200409Ii 4500</marc:leader>
<marc:controlfield tag="001">b13163930</marc:controlfield>
<marc:controlfield tag="003">UaCaAUL</marc:controlfield><marc:controlfield tag="005">20190220040219.0</marc:controlfield><marc:controlfield tag="008">950407s1951    ua            000 0 arard</marc:controlfield><marc:datafield tag="035" ind1=" " ind2=" "><marc:subfield code="a">(OCoLC)32318748</marc:subfield></marc:datafield><marc:datafield tag="040" ind1=" " ind2=" "><marc:subfield code="a">TEU</marc:subfield><marc:subfield code="b">eng</marc:subfield><marc:subfield code="c">TEU</marc:subfield><marc:subfield code="d">OCLCQ</marc:subfield><marc:subfield code="d">OCLCG</marc:subfield><marc:subfield code="d">OCLCA</marc:subfield><marc:subfield code="d">OCLCQ</marc:subfield><marc:subfield code="d">OCLCO</marc:subfield><marc:subfield code="d">OCLCA</marc:subfield><marc:subfield code="d">OCLCF</marc:subfield><marc:subfield code="d">OCLCQ</marc:subfield><marc:subfield code="d">PSC</marc:subfield><marc:subfield code="d">OCLCO</marc:subfield><marc:subfield code="d">MEAUC</marc:subfield></marc:datafield><marc:datafield tag="049" ind1=" " ind2=" "><marc:subfield code="a">MAIN</marc:subfield></marc:datafield><marc:datafield tag="066" ind1=" " ind2=" "><marc:subfield code="c">(3</marc:subfield></marc:datafield><marc:datafield tag="090" ind1=" " ind2=" "><marc:subfield code="a">KBP320.M35</marc:subfield><marc:subfield code="b">M88 1951</marc:subfield></marc:datafield><marc:datafield tag="100" ind1="0" ind2=" "><marc:subfield code="a">Suyūṭī,</marc:subfield><marc:subfield code="d">1445-1505,</marc:subfield><marc:subfield code="e">author.</marc:subfield></marc:datafield><marc:datafield tag="245" ind1="1" ind2="0"><marc:subfield code="6">880-01</marc:subfield><marc:subfield code="a">Muwaṭṭaʼ al-Imām Mālik :</marc:subfield><marc:subfield code="b">wa-sharḥuhu Tanwīr al-ḥawālik /</marc:subfield><marc:subfield code="c">taʼlīf imām al-Ḥufāẓ bi-lā difāʻ ṣāḥib al-qadam al-rāsikh wa-al-majd al-shāmikh Jalāl al-Dīn ʻAbd al-Raḥmān al-Ṣuyūṭī al-Shāfiʻī ; wa-yalīh kitāb Isʻāf al-mubaṭṭaʼ bi-rijāl al-Muwaṭṭaʼ lil-Suyūṭī ayḍan.</marc:subfield></marc:datafield><marc:datafield tag="246" ind1="3" ind2="0"><marc:subfield code="6">880-02</marc:subfield><marc:subfield code="a">Tanwīr al-ḥawālik.</marc:subfield></marc:datafield><marc:datafield tag="250" ind1=" " ind2=" "><marc:subfield code="6">880-03</marc:subfield><marc:subfield code="a">Al-Ṭabʻah al-akhīrah.</marc:subfield></marc:datafield><marc:datafield tag="264" ind1=" " ind2="1"><marc:subfield code="6">880-04</marc:subfield><marc:subfield code="a">Miṣr :</marc:subfield><marc:subfield code="b">Sharikat Maktabah wa-Maṭbaʻat Muṣṭafá al-Bābī al-Ḥalabī,</marc:subfield><marc:subfield code="c">1370 H., 1951 M.</marc:subfield></marc:datafield><marc:datafield tag="300" ind1=" " ind2=" "><marc:subfield code="a">2 volumes in 1 ;</marc:subfield><marc:subfield code="c">24 cm.</marc:subfield></marc:datafield><marc:datafield tag="336" ind1=" " ind2=" "><marc:subfield code="a">text</marc:subfield><marc:subfield code="b">txt</marc:subfield><marc:subfield code="2">rdacontent.</marc:subfield></marc:datafield><marc:datafield tag="337" ind1=" " ind2=" "><marc:subfield code="a">unmediated</marc:subfield><marc:subfield code="b">n</marc:subfield><marc:subfield code="2">rdamedia.</marc:subfield></marc:datafield><marc:datafield tag="338" ind1=" " ind2=" "><marc:subfield code="a">volume</marc:subfield><marc:subfield code="b">nc</marc:subfield><marc:subfield code="2">rdacarrier.</marc:subfield></marc:datafield><marc:datafield tag="650" ind1=" " ind2="0"><marc:subfield code="a">Islamic law.</marc:subfield></marc:datafield><marc:datafield tag="650" ind1=" " ind2="0"><marc:subfield code="a">Malikites.</marc:subfield></marc:datafield><marc:datafield tag="600" ind1="0" ind2="0"><marc:subfield code="a">Mālik ibn Anas,</marc:subfield><marc:subfield code="d">-795.</marc:subfield><marc:subfield code="t">Muwaṭṭaʼ.</marc:subfield></marc:datafield><marc:datafield tag="700" ind1="0" ind2=" "><marc:subfield code="a">Mālik ibn Anas,</marc:subfield><marc:subfield code="d">-795.</marc:subfield><marc:subfield code="t">Muwaṭṭaʼ.</marc:subfield></marc:datafield><marc:datafield tag="700" ind1="0" ind2=" "><marc:subfield code="6">880-05</marc:subfield><marc:subfield code="a">Suyūṭī,</marc:subfield><marc:subfield code="d">1445-1505.</marc:subfield><marc:subfield code="t">Isʻāf al-mubaṭṭaʼ bi-rijāl al-Muwaṭṭaʼ.</marc:subfield></marc:datafield><marc:datafield tag="880" ind1="3" ind2="0"><marc:subfield code="6">246-02/(3/r</marc:subfield><marc:subfield code="a">تنوير الحوالك.</marc:subfield></marc:datafield><marc:datafield tag="880" ind1="1" ind2="0"><marc:subfield code="6">245-01/(3/r</marc:subfield><marc:subfield code="a">موطأ الأمام مالك :‪</marc:subfield><marc:subfield code="b">وشرحه تنوير الحوالك /‪</marc:subfield><marc:subfield code="c">تأليف إمام الحفاظ بلا دفاع صاحب القدم الراسخ والمجد الشامخ جلال الدين عبد الرحمن السيوطي الشافعي ؛ ويليه كتاب إسعاف المبطأ برجال الموطأ للسيوطي أيضا..</marc:subfield></marc:datafield><marc:datafield tag="880" ind1=" " ind2=" "><marc:subfield code="6">250-03/(3/r</marc:subfield><marc:subfield code="a">الطبعة الأخيرة..</marc:subfield></marc:datafield><marc:datafield tag="880" ind1=" " ind2="1"><marc:subfield code="6">264-04/(3/r</marc:subfield><marc:subfield code="a">مصر :‪</marc:subfield><marc:subfield code="b">شركة مكتبة ومطبعة مصطفى البابي الحلبي،‪</marc:subfield><marc:subfield code="c">1370 هـ.، 1951 م..</marc:subfield></marc:datafield><marc:datafield tag="880" ind1="0" ind2=" "><marc:subfield code="6">700-05/(3/r</marc:subfield><marc:subfield code="a">سيوطي،‪</marc:subfield><marc:subfield code="d">1445-1505.</marc:subfield><marc:subfield code="t">إسعاف المبطأ برجال الموطأ..</marc:subfield></marc:datafield><marc:datafield tag="907" ind1=" " ind2=" "><marc:subfield code="a">.b13163930</marc:subfield><marc:subfield code="b">main </marc:subfield></marc:datafield><marc:datafield tag="902" ind1=" " ind2=" "><marc:subfield code="a">190306</marc:subfield></marc:datafield><marc:datafield tag="998" ind1=" " ind2=" "><marc:subfield code="b">1</marc:subfield><marc:subfield code="c">070206</marc:subfield><marc:subfield code="d">m</marc:subfield><marc:subfield code="e">a</marc:subfield><marc:subfield code="f">-</marc:subfield><marc:subfield code="g">0</marc:subfield><marc:subfield code="k">USA</marc:subfield></marc:datafield><marc:datafield tag="945" ind1=" " ind2=" "><marc:subfield code="l">main </marc:subfield><marc:subfield code="u">v.v.1-2</marc:subfield></marc:datafield></marc:record>
</marc:collection>
